@inproceedings{Yao79,
 author = {Yao, Andrew Chi-Chih},
 title = {Some Complexity Questions Related to Distributive Computing(Preliminary Report)},
 booktitle = {Proceedings of the Eleventh Annual ACM Symposium on Theory of Computing},
 series = {STOC '79},
 year = {1979},
 location = {Atlanta, Georgia, USA},
 pages = {209--213},
 numpages = {5},
 url = {http://doi.acm.org/10.1145/800135.804414},
 doi = {10.1145/800135.804414},
 acmid = {804414},
 publisher = {ACM},
 address = {New York, NY, USA},
} 

@inproceedings{KW88,
  author    = {Mauricio Karchmer and
               Avi Wigderson},
  title     = {Monotone Circuits for Connectivity Require Super-logarithmic Depth},
  booktitle = {Proceedings of the 20th Annual {ACM} Symposium on Theory of Computing,
               May 2-4, 1988, Chicago, Illinois, {USA}},
  pages     = {539--550},
  year      = {1988},
  crossref  = {DBLP:conf/stoc/STOC20},
  url       = {http://doi.acm.org/10.1145/62212.62265},
  doi       = {10.1145/62212.62265},
  timestamp = {Mon, 17 Oct 2011 17:25:06 +0200},
  biburl    = {https://dblp.org/rec/bib/conf/stoc/KarchmerW88},
  bibsource = {dblp computer science bibliography, https://dblp.org}
}

@proceedings{DBLP:conf/stoc/STOC20,
  editor    = {Janos Simon},
  title     = {Proceedings of the 20th Annual {ACM} Symposium on Theory of Computing,
               May 2-4, 1988, Chicago, Illinois, {USA}},
  publisher = {{ACM}},
  year      = {1988},
  isbn      = {0-89791-264-0},
  timestamp = {Mon, 17 Oct 2011 15:55:10 +0200},
  biburl    = {https://dblp.org/rec/bib/conf/stoc/STOC20},
  bibsource = {dblp computer science bibliography, https://dblp.org}
}

@article{EIRS01,
  author    = {Jeff Edmonds and
               Russell Impagliazzo and
               Steven Rudich and
               Jir{\'{\i}} Sgall},
  title     = {Communication complexity towards lower bounds on circuit depth},
  journal   = {Computational Complexity},
  volume    = {10},
  number    = {3},
  pages     = {210--246},
  year      = {2001},
  url       = {https://doi.org/10.1007/s00037-001-8195-x},
  doi       = {10.1007/s00037-001-8195-x},
  timestamp = {Wed, 14 Jun 2017 20:31:39 +0200},
  biburl    = {https://dblp.org/rec/bib/journals/cc/EdmondsIRS01},
  bibsource = {dblp computer science bibliography, https://dblp.org}
}

@article{GMWW17,
  author    = {Dmitry Gavinsky and
               Or Meir and
               Omri Weinstein and
               Avi Wigderson},
  title     = {Toward Better Formula Lower Bounds: The Composition of a Function
               and a Universal Relation},
  journal   = {{SIAM} J. Comput.},
  volume    = {46},
  number    = {1},
  pages     = {114--131},
  year      = {2017},
  url       = {https://doi.org/10.1137/15M1018319},
  doi       = {10.1137/15M1018319},
  timestamp = {Sat, 27 May 2017 14:22:59 +0200},
  biburl    = {https://dblp.org/rec/bib/journals/siamcomp/GavinskyMWW17},
  bibsource = {dblp computer science bibliography, https://dblp.org}
}


@inproceedings{HW90,
  author    = {Johan H{\aa}stad and
               Avi Wigderson},
  title     = {Composition of the Universal Relation},
  booktitle = {Advances In Computational Complexity Theory, Proceedings of a {DIMACS}
               Workshop, New Jersey, USA, December 3-7, 1990},
  pages     = {119--134},
  year      = {1990},
  crossref  = {DBLP:conf/dimacs/dimacs13},
  timestamp = {Fri, 15 Jan 2016 23:13:03 +0100},
  biburl    = {https://dblp.org/rec/bib/conf/dimacs/HastadW90},
  bibsource = {dblp computer science bibliography, https://dblp.org}
}

@proceedings{DBLP:conf/dimacs/dimacs13,
  editor    = {Jin{-}Yi Cai},
  title     = {Advances In Computational Complexity Theory, Proceedings of a {DIMACS}
               Workshop, New Jersey, USA, December 3-7, 1990},
  series    = {{DIMACS} Series in Discrete Mathematics and Theoretical Computer Science},
  volume    = {13},
  publisher = {{DIMACS/AMS}},
  year      = {1993},
  url       = {http://dimacs.rutgers.edu/Volumes/Vol13.html},
  timestamp = {Fri, 15 Jan 2016 23:13:03 +0100},
  biburl    = {https://dblp.org/rec/bib/conf/dimacs/dimacs13},
  bibsource = {dblp computer science bibliography, https://dblp.org}
}

@article{KRW95,
  author    = {Mauricio Karchmer and
               Ran Raz and
               Avi Wigderson},
  title     = {Super-Logarithmic Depth Lower Bounds Via the Direct Sum in Communication
               Complexity},
  journal   = {Computational Complexity},
  volume    = {5},
  number    = {3/4},
  pages     = {191--204},
  year      = {1995},
  url       = {https://doi.org/10.1007/BF01206317},
  doi       = {10.1007/BF01206317},
  timestamp = {Sun, 28 May 2017 13:19:17 +0200},
  biburl    = {https://dblp.org/rec/bib/journals/cc/KarchmerRW95},
  bibsource = {dblp computer science bibliography, https://dblp.org}
}

@article{Kh72,
  author    = {V.~M. Khrapchenko},
  title     = {A method of obtaining lower bounds for the complexity of $\pi$-schemes},
  journal   = {Mathematical Notes Academy of Sciences USSR},
  volume    = {10},
  pages     = {474--479},
  year      = {1972}
}

@book{KN97,
  author    = {Eyal Kushilevitz and
               Noam Nisan},
  title     = {Communication complexity},
  publisher = {Cambridge University Press},
  year      = {1997},
  isbn      = {978-0-521-56067-2},
  timestamp = {Tue, 12 Apr 2011 15:08:29 +0200},
  biburl    = {https://dblp.org/rec/bib/books/daglib/0011756},
  bibsource = {dblp computer science bibliography, https://dblp.org}
}

@book{CTJ2006,
 author = {Cover, Thomas M. and Thomas, Joy A.},
 title = {Elements of Information Theory (Wiley Series in Telecommunications and Signal Processing)},
 year = {2006},
 isbn = {0471241954},
 publisher = {Wiley-Interscience},
 address = {New York, USA},
} 

@article{EKS17,
	author    = {Klim Efremenko and
	Gillat Kol and
	Raghuvansh Saxena},
	title     = {Interactive Coding Over the Noisy Broadcast Channel},
	journal   = {Electronic Colloquium on Computational Complexity {(ECCC)}},
	volume    = {24},
	pages     = {93},
	year      = {2017},
	url       = {https://eccc.weizmann.ac.il/report/2017/093},
	timestamp = {Thu, 08 Jun 2017 14:26:46 +0200},
	biburl    = {https://dblp.org/rec/bib/journals/eccc/EfremenkoKS17},
	bibsource = {dblp computer science bibliography, https://dblp.org}
}